
@inproceedings{aguzzi2021research,
  title={Research directions for aggregate computing with machine learning},
  author={Aguzzi, Gianluca},
  booktitle={2021 IEEE International Conference on Autonomic Computing and Self-Organizing Systems Companion (ACSOS-C)},
  pages={310--312},
  year={2021},
  organization={IEEE}
}

@inproceedings{aguzzi2021towards,
  title={Towards pulverised architectures for collective adaptive systems through multi-tier programming},
  author={Aguzzi, Gianluca and Casadei, Roberto and Pianini, Danilo and Salvaneschi, Guido and Viroli, Mirko},
  booktitle={2021 IEEE International Conference on Autonomic Computing and Self-Organizing Systems Companion (ACSOS-C)},
  pages={99--104},
  year={2021},
  organization={IEEE}
}

@inproceedings{aguzzi2022towards,
  title={Towards reinforcement learning-based aggregate computing},
  author={Aguzzi, Gianluca and Casadei, Roberto and Viroli, Mirko},
  booktitle={International Conference on Coordination Languages and Models},
  pages={72--91},
  year={2022},
  organization={Springer Nature Switzerland Cham}
}

@article{casadei2022scafi,
  title={ScaFi: A Scala DSL and toolkit for aggregate programming},
  author={Casadei, Roberto and Viroli, Mirko and Aguzzi, Gianluca and Pianini, Danilo},
  journal={SoftwareX},
  volume={20},
  pages={101248},
  year={2022},
  publisher={Elsevier}
}

@article{aguzzi2023field,
  title={A field-based computing approach to sensing-driven clustering in robot swarms},
  author={Aguzzi, Gianluca and Audrito, Giorgio and Casadei, Roberto and Damiani, Ferruccio and Torta, Gianluca and Viroli, Mirko},
  journal={Swarm Intelligence},
  volume={17},
  number={1},
  pages={27--62},
  year={2023},
  publisher={Springer US New York}
}

@article{aguzzi2022dynamic,
  title={Dynamic decentralization domains for the internet of things},
  author={Aguzzi, Gianluca and Casadei, Roberto and Pianini, Danilo and Viroli, Mirko},
  journal={IEEE Internet Computing},
  volume={26},
  number={6},
  pages={16--23},
  year={2022},
  publisher={IEEE}
}

@inproceedings{aguzzi2022addressing,
  title={Addressing collective computations efficiency: Towards a platform-level reinforcement learning approach},
  author={Aguzzi, Gianluca and Casadei, Roberto and Viroli, Mirko},
  booktitle={2022 IEEE International Conference on Autonomic Computing and Self-Organizing Systems (ACSOS)},
  pages={11--20},
  year={2022},
  organization={IEEE}
}

@inproceedings{aguzzi2022machine,
  title={Machine learning for aggregate computing: a research roadmap},
  author={Aguzzi, Gianluca and Casadei, Roberto and Viroli, Mirko},
  booktitle={2022 IEEE 42nd International Conference on Distributed Computing Systems Workshops (ICDCSW)},
  pages={119--124},
  year={2022},
  organization={IEEE}
}

@inproceedings{casadei2022towards,
  title={Towards Automated Engineering for Collective Adaptive Systems: Vision and Research Directions},
  author={Casadei, Roberto and Pianini, Danilo and Aguzzi, Gianluca and Audrito, Giorgio and Torta, Gianluca and Ottina, Marco and Damiani, Ferruccio and Viroli, Mirko},
  booktitle={2022 IEEE Intl Conf on Dependable, Autonomic and Secure Computing, Intl Conf on Pervasive Intelligence and Computing, Intl Conf on Cloud and Big Data Computing, Intl Conf on Cyber Science and Technology Congress (DASC/PiCom/CBDCom/CyberSciTech)},
  pages={1--6},
  year={2022},
  organization={IEEE}
}

@inproceedings{domini2023scarlib,
  title={ScaRLib: A Framework for Cooperative Many Agent Deep Reinforcement Learning in Scala},
  author={Domini, Davide and Cavallari, Filippo and Aguzzi, Gianluca and Viroli, Mirko},
  booktitle={International Conference on Coordination Languages and Models},
  pages={52--70},
  year={2023},
  organization={Springer Nature Switzerland Cham}
}

@inproceedings{aguzzi2023macroswarm,
  title={Macroswarm: a field-based compositional framework for swarm programming},
  author={Aguzzi, Gianluca and Casadei, Roberto and Viroli, Mirko},
  booktitle={International Conference on Coordination Languages and Models},
  pages={31--51},
  year={2023},
  organization={Springer Nature Switzerland Cham}
}

@inproceedings{aguzzi2023fieldinformed,
  title={Field-informed reinforcement learning of collective tasks with graph neural networks},
  author={Aguzzi, Gianluca and Viroli, Mirko and Esterle, Lukas},
  booktitle={2023 IEEE International Conference on Autonomic Computing and Self-Organizing Systems (ACSOS)},
  pages={37--46},
  year={2023},
  organization={IEEE}
}

@inproceedings{casadei2023self,
  title={Self-organisation programming: a functional reactive macro approach},
  author={Casadei, Roberto and Dente, Francesco and Aguzzi, Gianluca and Pianini, Danilo and Viroli, Mirko},
  booktitle={2023 IEEE International Conference on Autonomic Computing and Self-Organizing Systems (ACSOS)},
  pages={87--96},
  year={2023},
  organization={IEEE}
}

@inproceedings{casadei2023programming,
  title={Programming (and Learning) Self-Adaptive \& Self-Organising Behaviour with ScaFi: for Swarms, Edge-Cloud Ecosystems, and More},
  author={Casadei, Roberto and Aguzzi, Gianluca and Pianini, Danilo and Viroli, Mirko},
  booktitle={2023 IEEE International Conference on Autonomic Computing and Self-Organizing Systems Companion (ACSOS-C)},
  pages={33--34},
  year={2023},
  organization={IEEE}
}

@inproceedings{montagna2024llm,
  title={LLM-based Solutions for Healthcare Chatbots: a Comparative Analysis},
  author={Montagna, Sara and Aguzzi, Gianluca and Ferretti, Stefano and Pengo, Martino Francesco and Klopfenstein, Lorenz Cuno and Ungolo, Michelangelo and Magnini, Matteo},
  booktitle={2024 IEEE International Conference on Pervasive Computing and Communications Workshops and other Affiliated Events (PerCom Workshops)},
  pages={346--351},
  year={2024},
  organization={IEEE}
}

@article{casadei2024software,
  title={Software Engineering for Collective Cyber-Physical Ecosystems},
  author={Casadei, Roberto and Aguzzi, Gianluca and Audrito, Giorgio and Damiani, Ferruccio and Pianini, Danilo and Scarso, Giordano and Torta, Gianluca and Viroli, Mirko},
  journal={arXiv preprint arXiv:2406.04780},
  year={2024}
}

@inproceedings{domini2024field,
  title={Field-Based Coordination for Federated Learning},
  author={Domini, Davide and Aguzzi, Gianluca and Esterle, Lukas and Viroli, Mirko},
  booktitle={International Conference on Coordination Models and Languages},
  pages={56--74},
  year={2024},
  organization={Springer Nature Switzerland Cham}
}

@inproceedings{aguzzi2024scafi,
  title={ScaFi-Blocks: A Visual Aggregate Programming Environment for Low-Code Swarm Design},
  author={Aguzzi, Gianluca and Casadei, Roberto and Cerioni, Matteo and Viroli, Mirko},
  booktitle={International Conference on Coordination Models and Languages},
  pages={258--276},
  year={2024},
  organization={Springer Nature Switzerland Cham}
}

@incollection{pianini2024space,
  title={Space-Fluid and Time-Fluid Programming},
  author={Pianini, Danilo and Casadei, Roberto and Mariani, Stefano and Aguzzi, Gianluca and Viroli, Mirko and Zambonelli, Franco},
  booktitle={Fluidware: Novel Approaches for Large-Scale IoT Systems},
  pages={107--134},
  year={2024},
  publisher={Springer International Publishing Cham}
}

@incollection{aguzzi2024learning,
  title={Learning Opportunities in Collective Adaptive Systems},
  author={Aguzzi, Gianluca and Casadei, Roberto and Mariani, Stefano and Viroli, Mirko and Zambonelli, Franco},
  booktitle={Fluidware: Novel Approaches for Large-Scale IoT Systems},
  pages={179--199},
  year={2024},
  publisher={Springer International Publishing Cham}
}

@inproceedings{domini2024proximity,
  title={Proximity-based self-federated learning},
  author={Domini, Davide and Aguzzi, Gianluca and Farabegoli, Nicolas and Viroli, Mirko and Esterle, Lukas},
  booktitle={2024 IEEE International Conference on Autonomic Computing and Self-Organizing Systems (ACSOS)},
  pages={139--144},
  year={2024},
  organization={IEEE}
}

@article{domini2024scarlib,
  title={Scarlib: Towards a hybrid toolchain for aggregate computing and many-agent reinforcement learning},
  author={Domini, D and Cavallari, F and Aguzzi, G and Viroli, M},
  journal={Science of Computer Programming},
  volume={238},
  pages={103176},
  year={2024},
  publisher={Elsevier}
}

@inproceedings{domini2024towards,
  title={Towards intelligent pulverized systems: a modern approach for edge-cloud services},
  author={Domini, Davide and Farabegoli, Nicolas and Aguzzi, Gianluca and Viroli, Mirko and Alderighi, M and Baldoni, M and Baroglio, C and Micalizio, R and Tedeschi, S},
  booktitle={Proceedings of the 25th Workshop “From Objects to Agents”, Bard (Aosta), Italy, July 8--10, 2024, ser. CEUR Workshop Proceedings},
  volume={3735},
  pages={233--251},
  year={2024}
}

@article{aguzzi2025macroswarm,
  title={MacroSwarm: A scala framework for swarm programming},
  author={Aguzzi, Gianluca and Viroli, Mirko},
  journal={Science of Computer Programming},
  volume={239},
  pages={103182},
  year={2025},
  publisher={Elsevier}
}

@article{aguzzi2024language,
  title={A language-based software engineering approach for cyber-physical swarms},
  author={Aguzzi, Gianluca},
  year={2024},
  publisher={alma}
}

@inproceedings{aguzzi2024engineering,
  title={Engineering Distributed Collective Intelligence in Cyber-Physical Swarms},
  author={Aguzzi, Gianluca and Savaglio, Claudio},
  booktitle={2024 20th International Conference on Distributed Computing in Smart Systems and the Internet of Things (DCOSS-IoT)},
  pages={570--575},
  year={2024},
  organization={IEEE}
}

@inproceedings{aguzzi2024optimising,
  title={Optimising Aggregate Monitors for Spatial Logic of Closure Spaces Properties},
  author={Aguzzi, Gianluca and Audrito, Giorgio and Viroli, Mirko},
  booktitle={Proceedings of the 7th ACM International Workshop on Verification and Monitoring at Runtime Execution},
  pages={25--31},
  year={2024}
}

@inproceedings{grushchak2024decentralized,
  title={Decentralized multi-drone coordination for wildlife video acquisition},
  author={Grushchak, Denys and Kline, Jenna and Pianini, Danilo and Farabegoli, Nicolas and Aguzzi, Gianluca and Baiardi, Martina and Stewart, Christopher},
  booktitle={2024 IEEE International Conference on Autonomic Computing and Self-Organizing Systems (ACSOS)},
  pages={31--40},
  year={2024},
  organization={IEEE}
}
