@article{casadei2021programming,
  title={A programming approach to collective autonomy},
  author={Casadei, Roberto and Aguzzi, Gianluca and Viroli, Mirko},
  journal={Journal of Sensor and Actuator Networks},
  volume={10},
  number={2},
  pages={27},
  year={2021},
  publisher={MDPI},
  scimago={Q1},
  note={\textbf{Q1} (Scimago)}
}

@article{casadei2022scafi,
  title={Scafi: A scala DSL and toolkit for aggregate programming},
  author={Casadei, Roberto and Viroli, Mirko and Aguzzi, Gianluca and Pianini, Danilo},
  journal={SoftwareX},
  volume={20},
  pages={101248},
  year={2022},
  publisher={Elsevier},
  scimago={Q2},
  note={\textbf{Q2} (Scimago)}
}

@article{aguzzi2023field-sensing,
  title={A field-based computing approach to sensing-driven clustering in robot swarms},
  author={Aguzzi, Gianluca and Audrito, Giorgio and Casadei, Roberto and Damiani, Ferruccio and Torta, Gianluca and Viroli, Mirko},
  journal={Swarm Intelligence},
  volume={17},
  number={1},
  pages={27--62},
  year={2023},
  publisher={Springer US New York},
  scimago={Q2},
  note={\textbf{Q2} (Scimago)}
}

@article{aguzzi2022dynamic,
  title={Dynamic decentralization domains for the internet of things},
  author={Aguzzi, Gianluca and Casadei, Roberto and Pianini, Danilo and Viroli, Mirko},
  journal={IEEE Internet Computing},
  volume={26},
  number={6},
  pages={16--23},
  year={2022},
  publisher={IEEE},
  scimago={Q1},
  note={\textbf{Q1} (Scimago)}
}

@article{casadei2024software,
  title={Software Engineering for Collective Cyber-Physical Ecosystems},
  author={Casadei, Roberto and Aguzzi, Gianluca and Audrito, Giorgio and Damiani, Ferruccio and Pianini, Danilo and Scarso, Giordano and Torta, Gianluca and Viroli, Mirko},
  journal={ACM Transactions on Software Engineering and Methodology},
  year={2024},
  publisher={ACM New York, NY},
  scimago={Q1},
  note={\textbf{Q1} (Scimago)}
}

@article{domini2024scarlib,
  title={Scarlib: Towards a hybrid toolchain for aggregate computing and many-agent reinforcement learning},
  author={Domini, Davide and Cavallari, Filippo and Aguzzi, Gianluca and Viroli, Mirko},
  journal={Science of Computer Programming},
  volume={238},
  pages={103176},
  year={2024},
  publisher={Elsevier},
  scimago={Q2},
  note={\textbf{Q2} (Scimago)}
}

@article{aguzzi2025macroswarm,
  title={MacroSwarm: A scala framework for swarm programming},
  author={Aguzzi, Gianluca and Viroli, Mirko},
  journal={Science of Computer Programming},
  volume={239},
  pages={103182},
  year={2025},
  publisher={Elsevier},
  scimago={Q2},
  note={\textbf{Q2} (Scimago)}
}

@article{magnini2025open,
  title={Open-source small language models for personal medical assistant chatbots},
  author={Magnini, Matteo and Aguzzi, Gianluca and Montagna, Sara and others},
  journal={INTELLIGENCE-BASED MEDICINE},
  number={100197},
  year={2025},
  scimago={Q2},
  note={\textbf{Q2} Scimago}
}

@article{tschope2025novel,
  title={Privacy-preserving LLM-based Chatbots for Hypertensive Patient
Self-management},
  author={Montagna, Sara and Aguzzi, Gianluca and Ferretti, Stefano and Pengo, Martino Francesco and Klopfenstein, Lorenz Cuno and Ungolo, Michelangelo and Magnini, Matteo},
  journal={Smart Health},
  volume={},
  pages={},
  year={2025},
  publisher={Elsevier},
  scimago={Q2},
  note={\textbf{Q2}}
}

@article{aguzzi2025low,
  title={Low-code Design of Collective Systems with ScaFi-Blocks},
  author={Aguzzi, Gianluca and Cerioni, Matteo and Viroli, Mirko},
  journal={Science of Computer Programming},
  pages={103356},
  year={2025},
  publisher={Elsevier},
  scimago={Q2},
  note={\textbf{Q2} (Scimago)}
}

@article{aguzzi2025macroswarm-lmcs,
  title={Macroswarm: a field-based compositional framework for swarm programming},
  author={Aguzzi, Gianluca and Casadei, Roberto and Viroli, Mirko},
  journal={Logical Methods in Computer Science},
  volume={},
  year={2025},
  publisher={Episciences. org},
  scimago={Q2},
  note={\textbf{Q2}, accepted (in press)}
}