@article{DBLP:journals/swarm/AguzziACDTV23,
  author       = {Gianluca Aguzzi and
                  Giorgio Audrito and
                  Roberto Casadei and
                  Ferruccio Damiani and
                  Gianluca Torta and
                  Mirko Viroli},
  title        = {A field-based computing approach to sensing-driven clustering in robot
                  swarms},
  journal      = {Swarm Intell.},
  volume       = {17},
  number       = {1},
  pages        = {27--62},
  year         = {2023},
  url          = {https://doi.org/10.1007/s11721-022-00215-y},
  doi          = {10.1007/s11721-022-00215-y},
  timestamp    = {Sat, 13 May 2023 01:00:00 +0200},
  biburl       = {https://dblp.org/rec/journals/swarm/AguzziACDTV23.bib},
  bibsource    = {dblp computer science bibliography, https://dblp.org}
}

@article{DBLP:journals/internet/AguzziCPV22,
  author       = {Gianluca Aguzzi and
                  Roberto Casadei and
                  Danilo Pianini and
                  Mirko Viroli},
  title        = {Dynamic Decentralization Domains for the Internet of Things},
  journal      = {{IEEE} Internet Comput.},
  volume       = {26},
  number       = {6},
  pages        = {16--23},
  year         = {2022},
  url          = {https://doi.org/10.1109/MIC.2022.3216753},
  doi          = {10.1109/MIC.2022.3216753},
  timestamp    = {Tue, 31 Jan 2023 00:00:00 +0100},
  biburl       = {https://dblp.org/rec/journals/internet/AguzziCPV22.bib},
  bibsource    = {dblp computer science bibliography, https://dblp.org}
}

@article{DBLP:journals/softx/CasadeiVAP22,
  author       = {Roberto Casadei and
                  Mirko Viroli and
                  Gianluca Aguzzi and
                  Danilo Pianini},
  title        = {ScaFi: {A} Scala {DSL} and Toolkit for Aggregate Programming},
  journal      = {SoftwareX},
  volume       = {20},
  pages        = {101248},
  year         = {2022},
  url          = {https://doi.org/10.1016/j.softx.2022.101248},
  doi          = {10.1016/j.softx.2022.101248},
  timestamp    = {Fri, 10 Feb 2023 00:00:00 +0100},
  biburl       = {https://dblp.org/rec/journals/softx/CasadeiVAP22.bib},
  bibsource    = {dblp computer science bibliography, https://dblp.org}
}

@inproceedings{DBLP:conf/acsos/AguzziCV22,
  author       = {Gianluca Aguzzi and
                  Roberto Casadei and
                  Mirko Viroli},
  editor       = {Roberto Casadei and
                  Elisabetta Di Nitto and
                  Ilias Gerostathopoulos and
                  Danilo Pianini and
                  Ivana Dusparic and
                  Timothy Wood and
                  Phyllis R. Nelson and
                  Evangelos Pournaras and
                  Nelly Bencomo and
                  Sebastian G{\"{o}}tz and
                  Christian Krupitzer and
                  Claudia Raibulet},
  title        = {Addressing Collective Computations Efficiency: Towards a Platform-level
                  Reinforcement Learning Approach},
  booktitle    = {{IEEE} International Conference on Autonomic Computing and Self-Organizing
                  Systems, {ACSOS} 2022, Virtual, CA, USA, September 19-23, 2022},
  pages        = {11--20},
  publisher    = {{IEEE}},
  year         = {2022},
  url          = {https://doi.org/10.1109/ACSOS55765.2022.00019},
  doi          = {10.1109/ACSOS55765.2022.00019},
  timestamp    = {Wed, 16 Nov 2022 11:08:36 +0100},
  biburl       = {https://dblp.org/rec/conf/acsos/AguzziCV22.bib},
  bibsource    = {dblp computer science bibliography, https://dblp.org}
}

@inproceedings{DBLP:conf/coordination/AguzziCV22,
  author       = {Gianluca Aguzzi and
                  Roberto Casadei and
                  Mirko Viroli},
  editor       = {Maurice H. ter Beek and
                  Marjan Sirjani},
  title        = {Towards Reinforcement Learning-based Aggregate Computing},
  booktitle    = {Coordination Models and Languages - 24th {IFIP} {WG} 6.1 International
                  Conference, {COORDINATION} 2022, Held as Part of the 17th International
                  Federated Conference on Distributed Computing Techniques, DisCoTec
                  2022, Lucca, Italy, June 13-17, 2022, Proceedings},
  series       = {Lecture Notes in Computer Science},
  volume       = {13271},
  pages        = {72--91},
  publisher    = {Springer},
  year         = {2022},
  url          = {https://doi.org/10.1007/978-3-031-08143-9\_5},
  doi          = {10.1007/978-3-031-08143-9\_5},
  timestamp    = {Thu, 23 Jun 2022 01:00:00 +0200},
  biburl       = {https://dblp.org/rec/conf/coordination/AguzziCV22.bib},
  bibsource    = {dblp computer science bibliography, https://dblp.org}
}

@inproceedings{DBLP:conf/dasc/CasadeiPAATODV22,
  author       = {Roberto Casadei and
                  Danilo Pianini and
                  Gianluca Aguzzi and
                  Giorgio Audrito and
                  Gianluca Torta and
                  Marco Ottina and
                  Ferruccio Damiani and
                  Mirko Viroli},
  title        = {Towards Automated Engineering for Collective Adaptive Systems: Vision
                  and Research Directions},
  booktitle    = {{IEEE} Intl. Conf. on Dependable, Autonomic and Secure Computing,
                  Intl Conf on Pervasive Intelligence and Computing, Intl Conf on Cloud
                  and Big Data Computing, Intl Conf on Cyber Science and Technology
                  Congress, DASC/PiCom/CBDCom/CyberSciTech 2022, Falerna, Italy, September
                  12-15, 2022},
  pages        = {1--6},
  publisher    = {{IEEE}},
  year         = {2022},
  url          = {https://doi.org/10.1109/DASC/PiCom/CBDCom/Cy55231.2022.9927839},
  doi          = {10.1109/DASC/PiCom/CBDCom/Cy55231.2022.9927839},
  timestamp    = {Mon, 02 Jan 2023 14:34:28 +0100},
  biburl       = {https://dblp.org/rec/conf/dasc/CasadeiPAATODV22.bib},
  bibsource    = {dblp computer science bibliography, https://dblp.org}
}

@inproceedings{DBLP:conf/icdcs/AguzziCV22,
  author       = {Gianluca Aguzzi and
                  Roberto Casadei and
                  Mirko Viroli},
  title        = {Machine Learning for Aggregate Computing: a Research Roadmap},
  booktitle    = {42nd {IEEE} International Conference on Distributed Computing Systems,
                  {ICDCS} Workshops, Bologna, Italy, July 10, 2022},
  pages        = {119--124},
  publisher    = {{IEEE}},
  year         = {2022},
  url          = {https://doi.org/10.1109/ICDCSW56584.2022.00032},
  doi          = {10.1109/ICDCSW56584.2022.00032},
  timestamp    = {Wed, 07 Dec 2022 23:06:24 +0100},
  biburl       = {https://dblp.org/rec/conf/icdcs/AguzziCV22.bib},
  bibsource    = {dblp computer science bibliography, https://dblp.org}
}

@misc{DBLP:data/10/AguzziCPV22,
  author       = {Gianluca Aguzzi and
                  Roberto Casadei and
                  Danilo Pianini and
                  Mirko Viroli},
  title        = {Dynamic decentralization domains for the Internet of Things - Simulation
                  Repository},
  publisher    = {{IEEE} DataPort},
  year         = {2022},
  month        = apr,
  howpublished = {\url{https://doi.org/10.21227/qgbp-w789}},
  note         = {Accessed on YYYY-MM-DD.},
  url          = {https://doi.org/10.21227/qgbp-w789},
  doi          = {10.21227/qgbp-w789},
  timestamp    = {Wed, 15 Mar 2023 00:00:00 +0100},
  biburl       = {https://dblp.org/rec/data/10/AguzziCPV22.bib},
  bibsource    = {dblp computer science bibliography, https://dblp.org}
}

@article{DBLP:journals/jsan/CasadeiAV21,
  author       = {Roberto Casadei and
                  Gianluca Aguzzi and
                  Mirko Viroli},
  title        = {A Programming Approach to Collective Autonomy},
  journal      = {J. Sens. Actuator Networks},
  volume       = {10},
  number       = {2},
  pages        = {27},
  year         = {2021},
  url          = {https://doi.org/10.3390/jsan10020027},
  doi          = {10.3390/jsan10020027},
  timestamp    = {Thu, 16 Sep 2021 01:00:00 +0200},
  biburl       = {https://dblp.org/rec/journals/jsan/CasadeiAV21.bib},
  bibsource    = {dblp computer science bibliography, https://dblp.org}
}

@inproceedings{DBLP:conf/acsos/Aguzzi21,
  author       = {Gianluca Aguzzi},
  editor       = {Esam El{-}Araby and
                  Vana Kalogeraki and
                  Danilo Pianini and
                  Fr{\'{e}}d{\'{e}}ric Lassabe and
                  Barry Porter and
                  Sona Ghahremani and
                  Ingrid Nunes and
                  Mohamed Bakhouya and
                  Sven Tomforde},
  title        = {Research directions for Aggregate Computing with Machine Learning},
  booktitle    = {{IEEE} International Conference on Autonomic Computing and Self-Organizing
                  Systems, {ACSOS} 2021, Companion Volume, Washington, DC, USA, September
                  27 - Oct. 1, 2021},
  pages        = {310--312},
  publisher    = {{IEEE}},
  year         = {2021},
  url          = {https://doi.org/10.1109/ACSOS-C52956.2021.00078},
  doi          = {10.1109/ACSOS-C52956.2021.00078},
  timestamp    = {Sat, 09 Apr 2022 01:00:00 +0200},
  biburl       = {https://dblp.org/rec/conf/acsos/Aguzzi21.bib},
  bibsource    = {dblp computer science bibliography, https://dblp.org}
}

@inproceedings{DBLP:conf/acsos/AguzziCPSV21,
  author       = {Gianluca Aguzzi and
                  Roberto Casadei and
                  Danilo Pianini and
                  Guido Salvaneschi and
                  Mirko Viroli},
  editor       = {Esam El{-}Araby and
                  Vana Kalogeraki and
                  Danilo Pianini and
                  Fr{\'{e}}d{\'{e}}ric Lassabe and
                  Barry Porter and
                  Sona Ghahremani and
                  Ingrid Nunes and
                  Mohamed Bakhouya and
                  Sven Tomforde},
  title        = {Towards Pulverised Architectures for Collective Adaptive Systems through
                  Multi-Tier Programming},
  booktitle    = {{IEEE} International Conference on Autonomic Computing and Self-Organizing
                  Systems, {ACSOS} 2021, Companion Volume, Washington, DC, USA, September
                  27 - Oct. 1, 2021},
  pages        = {99--104},
  publisher    = {{IEEE}},
  year         = {2021},
  url          = {https://doi.org/10.1109/ACSOS-C52956.2021.00033},
  doi          = {10.1109/ACSOS-C52956.2021.00033},
  timestamp    = {Sat, 09 Apr 2022 01:00:00 +0200},
  biburl       = {https://dblp.org/rec/conf/acsos/AguzziCPSV21.bib},
  bibsource    = {dblp computer science bibliography, https://dblp.org}
}

@inproceedings{DBLP:conf/coordination/AguzziCMPV21,
  author       = {Gianluca Aguzzi and
                  Roberto Casadei and
                  Niccol{\`{o}} Maltoni and
                  Danilo Pianini and
                  Mirko Viroli},
  editor       = {Ferruccio Damiani and
                  Ornela Dardha},
  title        = {ScaFi-Web: {A} Web-Based Application for Field-Based Coordination
                  Programming},
  booktitle    = {Coordination Models and Languages - 23rd {IFIP} {WG} 6.1 International
                  Conference, {COORDINATION} 2021, Held as Part of the 16th International
                  Federated Conference on Distributed Computing Techniques, DisCoTec
                  2021, Valletta, Malta, June 14-18, 2021, Proceedings},
  series       = {Lecture Notes in Computer Science},
  volume       = {12717},
  pages        = {285--299},
  publisher    = {Springer},
  year         = {2021},
  url          = {https://doi.org/10.1007/978-3-030-78142-2\_18},
  doi          = {10.1007/978-3-030-78142-2\_18},
  timestamp    = {Sat, 09 Apr 2022 01:00:00 +0200},
  biburl       = {https://dblp.org/rec/conf/coordination/AguzziCMPV21.bib},
  bibsource    = {dblp computer science bibliography, https://dblp.org}
}

@inproceedings{DBLP:conf/goodit/DelnevoALLPM21,
  author       = {Giovanni Delnevo and
                  Gianluca Aguzzi and
                  Simone Letizi and
                  Marta Luffarelli and
                  Andrea Petreti and
                  Silvia Mirri},
  editor       = {Ombretta Gaggi and
                  Pietro Manzoni and
                  Claudio E. Palazzi},
  title        = {Encouraging users in waste sorting using deep neural networks and
                  gamification},
  booktitle    = {GoodIT '21: Conference on Information Technology for Social Good,
                  Roma, Italy, September 9-11, 2021},
  pages        = {230--235},
  publisher    = {{ACM}},
  year         = {2021},
  url          = {https://doi.org/10.1145/3462203.3477056},
  doi          = {10.1145/3462203.3477056},
  timestamp    = {Wed, 07 Dec 2022 00:00:00 +0100},
  biburl       = {https://dblp.org/rec/conf/goodit/DelnevoALLPM21.bib},
  bibsource    = {dblp computer science bibliography, https://dblp.org}
}

